@MISC{Exp.4-2019,
	author = {Pugh, E.},
    howpublished = {University of Kent Moodle 2019},
    month = {September},
    note = {PH520 Physics Labs A},
    year = {2018},
    title = {Exp.4 Gyroscopes},
}

@MISC{Exp.4-Lab_book,
	author = {Tomaszewski, L. R.},
    howpublished = {University of Kent},
    month = {November},
    note = {PH520 Physics Labs A},
    year = {2019},
    title = {Exp.4 Lab Book},
}

@MISC{Exp.4-Risk,
	author = {Pugh, E.},
    howpublished = {University of Kent Moodle 2019},
    month = {September},
    note = {PH520 Physics Labs A},
    year = {2018},
    title = {Exp.4 Risk Assessment},
}
@MISC{One,
	author = {Everitt, C. W. F.},
    howpublished = {University of Kent Moodle 2019},
    month = {September},
    note = {PH520 Physics Labs A},
    year = {2018},
    title = {Exp.4 Risk Assessment},
}
@MISC{Two,
	author = {CODATA},
    howpublished = {},
    month = {},
    note = {},
    year = {2014},
    title = {Committee on data for science and technology data set},
}
@MISC{Three,
	author = {Didactic, Leybold},
    howpublished = {},
    month = {},
    note = {Leybold Didactic GMBH, Germany},
    year = {},
    title = {Leybold Instruction Sheet 575 48 'Digital Counter'},
}